<?xml version="1.0" encoding="UTF-8"?><collection xmlns="http://www.loc.gov/MARC21/slim"><record><leader>00309nam--2200121-i-4500</leader><controlfield tag="001">000045538</controlfield><controlfield tag="002">20161230</controlfield><controlfield tag="005">20161230201045</controlfield><controlfield tag="008">060222s1000------------r-----000-0-eng-d</controlfield><datafield ind1=" " ind2=" " tag="100"><subfield code="a">Trimmer,John Dezendorf</subfield></datafield><datafield ind1=" " ind2=" " tag="245"><subfield code="a">Response of physical systems</subfield></datafield><datafield ind1=" " ind2=" " tag="260"><subfield code="a">New York, John Wiley, 1950. Ix + 268 P</subfield></datafield><datafield ind1=" " ind2=" " tag="852"><subfield code="a">3434</subfield></datafield></record></collection>